@inproceedings{MachalicaSP019,
  author    = {Mateusz Machalica and
               Alex Samylkin and
               Meredith Porth and
               Satish Chandra},
  editor    = {Helen Sharp and
               Mike Whalen},
  title     = {Predictive test selection},
  booktitle = {Proceedings of the 41st International Conference on Software Engineering:
               Software Engineering in Practice, {ICSE} {(SEIP)} 2019, Montreal,
               QC, Canada, May 25-31, 2019},
  pages     = {91--100},
  publisher = {{IEEE} / {ACM}},
  year      = {2019},
  url       = {https://doi.org/10.1109/ICSE-SEIP.2019.00018},
  doi       = {10.1109/ICSE-SEIP.2019.00018},
  timestamp = {Wed, 16 Oct 2019 14:14:49 +0200},
  biburl    = {https://dblp.org/rec/conf/icse/MachalicaSP019.bib},
  bibsource = {dblp computer science bibliography, https://dblp.org}
}